<?xml version="1.0" encoding="UTF-8"?><collection xmlns="http://www.loc.gov/MARC21/slim"><record><leader>00485nam--2200181-u-4500</leader><controlfield tag="001">000056859</controlfield><controlfield tag="002">20200911</controlfield><controlfield tag="005">20200911022142</controlfield><controlfield tag="008">200911s1000------------r-----000-0-eng-d</controlfield><datafield ind1=" " ind2=" " tag="040"><subfield code="a">IFIN-HH</subfield></datafield><datafield ind1="1" ind2=" " tag="041"><subfield code="a">eng</subfield></datafield><datafield ind1="1" ind2=" " tag="100"><subfield code="a">Raduta, Apolodor A</subfield></datafield><datafield ind1="1" ind2="0" tag="245"><subfield code="a">Nuclear Structure with Cogerent States</subfield><subfield code="c">Apolodor Aristotel Raduta</subfield></datafield><datafield ind1=" " ind2=" " tag="260"><subfield code="b">Springer</subfield><subfield code="c">2015</subfield></datafield><datafield ind1=" " ind2=" " tag="300"><subfield code="a">XI+521 p</subfield></datafield><datafield ind1=" " ind2=" " tag="500"><subfield code="a">Donatie Acad. Nicolae Victor Zamfir</subfield></datafield><datafield ind1="1" ind2=" " tag="852"><subfield code="a">82809</subfield><subfield code="c">N.V.Z</subfield></datafield><datafield ind1=" " ind2=" " tag="CAT"><subfield code="a">SYS</subfield><subfield code="c">20200911</subfield><subfield code="h">022142</subfield></datafield></record></collection>